 @online{IRSN_rep_schema, 
    title={Fonctionement des reacteurs nucléaires}, 
    howpublished = {\url{https://www.irsn.fr/FR/connaissances/Installations_nucleaires/Les-centrales-nucleaires/reacteurs-nucleaires-France/Pages/1-reacteurs-nucleaires-France-Fonctionnement.aspx}},
    year={2021}, 
    month={Jan},
    key={1}
 }

@online{wikipedia_archi_info, 
    title={Définition de l'architécture informatique}, 
    howpublished = {\url{https://fr.wikipedia.org/wiki/Architecture_(informatique)}},
    year={2021}, 
    month={Jan},
    key={2}
 }

@online{IRSN_suretee, 
   title={Les composants d’un réacteur en détail}, 
   howpublished = {\url{https://www.irsn.fr/FR/connaissances/Installations_nucleaireLes-centrales-nucleaires/reacteurs-nucleaires-France/Page3-reacteurs-nucleaires-France-Description-detaillee.aspx}},
   year={2021}, 
   month={Jan},
   key={3}
}

@PhDThesis{REST_theses,
   title = {Architectural Styles and the Design of Network-based Software Architectures},
   author = {Roy Thomas Fielding},
   school = {UNIVERSITY OF CALIFORNIA,IRVINE},
   year = {2000}
}

@PhDThesis{BDD_theses,
   title = {Approche dirigée par les modèles pour l'implantation debases de données massives sur des SGBD NoSQL},
   author = {Amal AIT BRAHIM},
   school = { EDMITT - Ecole Doctorale Mathématiques, Informatique etTélécommunications de Toulouse},
   year = {2018}
}

@online{wikipedia_acid, 
    title={Propriétés ACID}, 
    howpublished = {\url{https://fr.wikipedia.org/wiki/Propri%C3%A9t%C3%A9s_ACID)}},
    year={2022}, 
    month={Mars},
    key={6}
 }